<?xml version="1.0" encoding="UTF-8"?><collection xmlns="http://www.loc.gov/MARC21/slim"><record><leader>00444nam--2200169-i-4500</leader><controlfield tag="001">000002629</controlfield><controlfield tag="002">20161230</controlfield><controlfield tag="005">20161230201025</controlfield><controlfield tag="008">060222s1000------------r-----000-0-eng-d</controlfield><datafield ind1=" " ind2=" " tag="040"><subfield code="a">IFIN-HH</subfield></datafield><datafield ind1=" " ind2=" " tag="080"><subfield code="a">539.12.162.8</subfield></datafield><datafield ind1="1" ind2=" " tag="100"><subfield code="a">Barger, V</subfield></datafield><datafield ind1="1" ind2="0" tag="245"><subfield code="a">Reaction mechanisms at high energy</subfield><subfield code="c">V. barger</subfield></datafield><datafield ind1=" " ind2=" " tag="260"><subfield code="a">Madison</subfield><subfield code="b">University Of Wisconsin</subfield><subfield code="c">1974</subfield></datafield><datafield ind1=" " ind2=" " tag="300"><subfield code="a">51 P + 34 FIG</subfield></datafield><datafield ind1=" " ind2=" " tag="852"><subfield code="a">42891</subfield><subfield code="c">539.131</subfield></datafield><datafield ind1=" " ind2=" " tag="CAT"><subfield code="a">Sys</subfield><subfield code="c">20120309</subfield><subfield code="h">102212</subfield></datafield></record></collection>